<record><leader>00000cas a22000007a 4500</leader><controlfield tag="001">8769654</controlfield><controlfield tag="008">820913d18781880coudr ne      0   a0eng  </controlfield><datafield ind1=" " ind2=" " tag="010"><subfield code="a">sn 82014221 </subfield></datafield><datafield ind1=" " ind2=" " tag="040"><subfield code="a">DLC</subfield><subfield code="b">eng</subfield><subfield code="c">DLC</subfield><subfield code="d">OCLCQ</subfield></datafield><datafield ind1=" " ind2=" " tag="042"><subfield code="a">msc</subfield></datafield><datafield ind1="0" ind2="0" tag="050"><subfield code="a">Newspaper 7211-X</subfield></datafield><datafield ind1="0" ind2="4" tag="245"><subfield code="a">The Daily eclipse.</subfield></datafield><datafield ind1=" " ind2=" " tag="260"><subfield code="a">Leadville, Colo. :</subfield><subfield code="b">G.F. Wanless</subfield></datafield><datafield ind1=" " ind2=" " tag="300"><subfield code="a">v. ;</subfield><subfield code="c">61 cm.</subfield></datafield><datafield ind1=" " ind2=" " tag="310"><subfield code="a">Daily</subfield></datafield><datafield ind1="1" ind2=" " tag="362"><subfield code="a">Began in 1878; ceased in 1880.</subfield><subfield code="z">Cf. Oehlerts, d. Guide to Colo. newspapers, 1964.</subfield></datafield><datafield ind1=" " ind2=" " tag="588"><subfield code="a">Description based on: Vol. 1, no. 252 (Dec. 1, 1879).</subfield></datafield><datafield ind1=" " ind2=" " tag="752"><subfield code="a">United States</subfield><subfield code="b">Colorado</subfield><subfield code="c">Lake</subfield><subfield code="d">Leadville.</subfield></datafield><datafield ind1="1" ind2=" " tag="029"><subfield code="a">AU@</subfield><subfield code="b">000025814737</subfield></datafield></record>